@online{Blender:Modeling:Tutorial,
        title = {Create a Low Poly Person | Blender 2.8 | Beginners \& Intermediate},
        date = {2019},
        organization = {Youtube},
        author = {Grant Abbitt},
        url = {https://www.youtube.com/watch?v=4OUYOKGl7x0},
    }
    
    
@online{Blender:Rigging:Tutorial,
        title = {Rigging a Low Poly Person | Blender 2.8 | Beginners},
        date = {2019},
        organization = {Youtube},
        author = {Grant Abbitt},
        url = {https://www.youtube.com/watch?v=srpOeu9UUBU},
    }